@inproceedings{redmon2016you,
  title={You only look once: Unified, real-time object detection},
  author={Redmon, Joseph and Divvala, Santosh and Girshick, Ross and Farhadi, Ali},
  booktitle={Proceedings of the IEEE conference on computer vision and pattern recognition},
  pages={779--788},
  year={2016}
}
@article{liu2021enhanced,
  title={An enhanced CNN-enabled learning method for promoting ship detection in maritime surveillance system},
  author={Liu, RW and Yuan, W and Chen, X and Lu, Y},
  journal={Ocean Engineering},
  volume={235},
  pages={109435},
  year={2021},
  publisher={Elsevier}
}
@misc{ultralytics2023yolov8,
    author = {Ultralytics},
    title = {{YOLOv8}},
    howpublished = {\url{https://github.com/ultralytics/yolov8}},
    year = {2023}
}
@article{bochkovskiy2020yolov4,
  title={YOLOv4: Optimal speed and accuracy of object detection},
  author={Bochkovskiy, Alexey and Wang, Chien-Yao and Liao, Hong-Yuan Mark},
  journal={arXiv preprint arXiv:2004.10934},
  year={2020}
}
@article{prasad2017video,
  title={Video processing from electro-optical sensors for object detection and tracking in a maritime environment: A survey},
  author={Prasad, D Krishna and Rajan, D and Rachmawati, L and Rajabally, E and Quek, C},
  journal={IEEE Transactions on Intelligent Transportation Systems},
  volume={18},
  number={8},
  pages={1993--2016},
  year={2017},
  publisher={IEEE}
}
@article{greidanus2006detection,
  title={Benchmarking SAR-based near-real-time sea-ice monitoring},
  author={Greidanus, H and Clayton, P and Indregard, M and Staples, G and Suzuki, N and Vachon, P and Wackerman, C},
  journal={Canadian Journal of Remote Sensing},
  volume={32},
  number={6},
  pages={473--487},
  year={2006},
  publisher={Taylor & Francis}
}
@article{iphar2020data,
  title={Data quality assessment for maritime situational awareness},
  author={Iphar, C and Napoli, A and Ray, C},
  journal={Journal of Navigation},
  volume={73},
  number={2},
  pages={444--466},
  year={2020},
  publisher={Cambridge University Press}
}
@article{zalpour2013vessel,
  title={A new approach for ship detection in synthetic aperture radar images based on mixture of Gaussians},
  author={Zalpour, M and Akbarizadeh, G and Alaei, F},
  journal={Telecommunication Systems},
  volume={52},
  number={3},
  pages={1047--1055},
  year={2013},
  publisher={Springer}
}
@article{bloisi2014background,
  title={Background modeling in the maritime domain},
  author={Bloisi, Domenico D and Pennisi, Andrea and Iocchi, Luca},
  journal={Machine Vision and Applications},
  volume={25},
  number={5},
  pages={1257--1269},
  year={2014},
  publisher={Springer}
}
@inproceedings{schwehr2007marine,
  title={Marine ship automatic identification system (AIS) for enhanced coastal security capabilities},
  author={Schwehr, Kurt and McGillivary, Peter A},
  booktitle={OCEANS 2007},
  pages={1--8},
  year={2007},
  organization={IEEE}
}
@article{kanjir2018vessel,
  title={Vessel detection and classification from spaceborne optical images: A literature survey},
  author={Kanjir, U and Greidanus, H and O{\v{c}}tir, K},
  journal={Remote Sensing of Environment},
  volume={207},
  pages={1--26},
  year={2018},
  publisher={Elsevier}
}
@article{shao2018seaships,
  title={SeaShips: A large-scale precisely annotated dataset for ship detection},
  author={Shao, Z and Wu, W and Wang, Z and Du, W and Li, C},
  journal={IEEE Transactions on Multimedia},
  volume={20},
  number={10},
  pages={2593--2604},
  year={2018},
  publisher={IEEE}
}
@inproceedings{zhang2021attention,
  title={VAIS: A dataset for recognizing maritime imagery in the visible and infrared spectrums},
  author={Zhang, M M and Choi, J and Daniilidis, K and Wolf, M T and Kanan, C},
  booktitle={Proceedings of the IEEE/CVF Conference on Computer Vision and Pattern Recognition Workshops},
  pages={2321--2329},
  year={2021}
}
@article{chen2020improved,
  title={Improved YOLOv3 based on attention mechanism for fast and accurate ship detection in optical remote sensing images},
  author={Chen, L and Shi, W and Deng, D},
  journal={Remote Sensing},
  volume={13},
  number={4},
  pages={660},
  year={2020},
  publisher={MDPI}
}
@article{wang2022realtime,
  title={Improved YOLOv5 network for real-time multi-scale traffic sign detection},
  author={Wang, J and Chen, Y and Dong, Z and Gao, M},
  journal={Neural Computing and Applications},
  pages={1--16},
  year={2022},
  publisher={Springer}
}
@inproceedings{bovcon2017segmentation,
  title={A multi-attribute maritime vessel dataset for computer vision applications},
  author={Bovcon, B and Kristan, M},
  booktitle={Proceedings of the IEEE Conference on Computer Vision and Pattern Recognition Workshops},
  pages={90--99},
  year={2017}
}
@inproceedings{leclerc2018impact,
  title={Ship classification using deep learning techniques for maritime target tracking},
  author={Leclerc, M and Tharmarasa, R and Florea, M C and Boury-Brisset, A C and Kirubarajan, T and Duclos-Hindi√©, N},
  booktitle={2018 21st International Conference on Information Fusion (FUSION)},
  pages={737--744},
  year={2018},
  organization={IEEE}
}
@article{kristan2016novel,
  title={Fast image-based obstacle detection from unmanned surface vehicles},
  author={Kristan, M and Kenk, V S and Kova{\v{c}}i{\v{c}}, S and Per{\v{s}}, J},
  journal={IEEE Transactions on Cybernetics},
  volume={46},
  number={3},
  pages={641--654},
  year={2016},
  publisher={IEEE}
}
@article{bovcon2019stereo,
  title={MARVEL: A large-scale image dataset for maritime vessels in visible and infrared spectrum},
  author={Bovcon, B and Muhovi{\v{c}}, J and Vranac, D and Mozeti{\v{c}}, D and Per{\v{s}}, J and Bilinski, P and Kristan, M},
  journal={Remote Sensing},
  volume={11},
  number={13},
  pages={1496},
  year={2019},
  publisher={MDPI}
}
@article{bloisi2017maritime,
  title={Parallel multi-modal background modeling},
  author={Bloisi, Domenico D and Pennisi, Andrea and Iocchi, Luca},
  journal={Pattern Recognition},
  volume={62},
  pages={360--371},
  year={2017},
  publisher={Elsevier}
}
@article{wang2021ship,
  title={Automatic ship detection based on RetinaNet using multi-resolution Gaofen-3 imagery},
  author={Wang, Y and Wang, C and Zhang, H and Dong, Y and Wei, S},
  journal={Remote Sensing},
  volume={11},
  number={5},
  pages={531},
  year={2019},
  publisher={MDPI}
}
@book{flask_web,
  title={Flask web development: developing web applications with python},
  author={Grinberg, Miguel},
  year={2018},
  publisher={O'Reilly Media}
}
@article{opencv,
  title={The OpenCV library},
  author={Bradski, Gary},
  journal={Dr. Dobb's Journal of Software Tools},
  volume={25},
  number={11},
  pages={120--125},
  year={2000}
}
@misc{postgresql,
  title={PostgreSQL: The world's most advanced open source relational database},
  author={{PostgreSQL Global Development Group}},
  year={2023},
  howpublished={\url{https://www.postgresql.org/}}
}
@misc{sqlalchemy,
  title={SQLAlchemy: The database toolkit for Python},
  author={Bayer, Mike},
  year={2023},
  howpublished={\url{https://www.sqlalchemy.org/}}
}