@article{bovcon2017segmentation,
  author = {Bovcon, B. and Kristan, M.},
  title = {A Multi-Attribute Maritime Vessel Dataset for Computer Vision Applications},
  journal = {IEEE Conference on Computer Vision and Pattern Recognition Workshops},
  pages = {90--99},
  year = {2017}
}

@article{prasad2017video,
  author = {Prasad, D. K. and Rajan, D. and Rachmawati, L. and Rajabally, E. and Quek, C.},
  title = {Video Processing from Electro-Optical Sensors for Object Detection and Tracking in Maritime Environment: A Survey},
  journal = {IEEE Transactions on Intelligent Transportation Systems},
  volume = {18},
  number = {8},
  pages = {1993--2016},
  year = {2017}
}

@article{liu2021enhanced,
  author = {Liu, R. W. and Yuan, W. and Chen, X. and Lu, Y.},
  title = {An Enhanced CNN-Enabled Learning Method for Promoting Ship Detection in Maritime Surveillance System},
  journal = {Ocean Engineering},
  volume = {235},
  pages = {109435},
  year = {2021}
}

@article{kanjir2018vessel,
  author = {Kanjir, U. and Greidanus, H. and Oštir, K.},
  title = {Vessel Detection and Classification from Spaceborne Optical Images: A Literature Survey},
  journal = {Remote Sensing of Environment},
  volume = {207},
  pages = {1--26},
  year = {2018}
}

@article{shao2018seaships,
  author = {Shao, Z. and Wu, W. and Wang, Z. and Du, W. and Li, C.},
  title = {SeaShips: A Large-Scale Precisely Annotated Dataset for Ship Detection},
  journal = {IEEE Transactions on Multimedia},
  volume = {20},
  number = {10},
  pages = {2593--2604},
  year = {2018}
}

@inproceedings{yolo2016,
  author = {Redmon, J. and Divvala, S. and Girshick, R. and Farhadi, A.},
  title = {You Only Look Once: Unified, Real-Time Object Detection},
  booktitle = {IEEE Conference on Computer Vision and Pattern Recognition},
  pages = {779--788},
  year = {2016}
}

@misc{yolov8,
  author = {{Ultralytics}},
  title = {YOLOv8: A New State-of-the-Art Computer Vision Model},
  year = {2023},
  url = {https://ultralytics.com/yolov8}
}

@article{chen2020improved,
  author = {Chen, L. and Shi, W. and Deng, D.},
  title = {Improved YOLOv3 Based on Attention Mechanism for Fast and Accurate Ship Detection in Optical Remote Sensing Images},
  journal = {Remote Sensing},
  volume = {13},
  number = {4},
  pages = {660},
  year = {2020}
}

@article{zhang2021attention,
  author = {Zhang, M. M. and Choi, J. and Daniilidis, K. and Wolf, M. T. and Kanan, C.},
  title = {VAIS: A Dataset for Recognizing Maritime Imagery in the Visible and Infrared Spectrums},
  journal = {IEEE/CVF Conference on Computer Vision and Pattern Recognition Workshops},
  pages = {2321--2329},
  year = {2021}
}

@article{zalpour2013vessel,
  author = {Zalpour, M. and Akbarizadeh, G. and Alaei, F.},
  title = {A New Approach for Ship Detection in Synthetic Aperture Radar Images Based on Mixture of Gaussians},
  journal = {Telecommunication Systems},
  volume = {52},
  number = {3},
  pages = {1047--1055},
  year = {2013}
}

@article{bloisi2014background,
  author = {Bloisi, D. D. and Pennisi, A. and Iocchi, L.},
  title = {Background Modeling in the Maritime Domain},
  journal = {Machine Vision and Applications},
  volume = {25},
  number = {5},
  pages = {1257--1269},
  year = {2014}
}

@inproceedings{schwehr2007marine,
  author = {Schwehr, K. and McGillivary, P. A.},
  title = {Marine Ship Automatic Identification System (AIS) for Enhanced Coastal Security Capabilities},
  booktitle = {OCEANS 2007},
  pages = {1--8},
  year = {2007},
  publisher = {IEEE}
}

@inproceedings{leclerc2018impact,
  author = {Leclerc, M. and Tharmarasa, R. and Florea, M. C. and Boury-Brisset, A. C. and Kirubarajan, T. and Duclos-Hindié, N.},
  title = {Ship Classification Using Deep Learning Techniques for Maritime Target Tracking},
  booktitle = {21st International Conference on Information Fusion (FUSION)},
  pages = {737--744},
  year = {2018},
  publisher = {IEEE}
}